<record><leader>00000cas a22000007a 4500</leader><controlfield tag="001">29382122</controlfield><controlfield tag="008">931124d19291938nmudn ne      0    0eng d</controlfield><datafield ind1=" " ind2=" " tag="010"><subfield code="a">sn 93061782 </subfield></datafield><datafield ind1=" " ind2=" " tag="040"><subfield code="a">NVM</subfield><subfield code="b">eng</subfield><subfield code="c">NVM</subfield><subfield code="d">OCLCQ</subfield><subfield code="d">DLC</subfield><subfield code="d">OCLCF</subfield></datafield><datafield ind1="1" ind2=" " tag="029"><subfield code="a">AU@</subfield><subfield code="b">000025873031</subfield></datafield><datafield ind1=" " ind2=" " tag="042"><subfield code="a">msc</subfield></datafield><datafield ind1=" " ind2=" " tag="043"><subfield code="a">n-us-nm</subfield></datafield><datafield ind1="0" ind2="0" tag="245"><subfield code="a">Clovis New Mexico evening news-journal.</subfield></datafield><datafield ind1="1" ind2="3" tag="246"><subfield code="a">Evening news-journal</subfield></datafield><datafield ind1=" " ind2=" " tag="260"><subfield code="a">Clovis, N.M. :</subfield><subfield code="b">Mack Stanton</subfield></datafield><datafield ind1=" " ind2=" " tag="300"><subfield code="a">v.</subfield></datafield><datafield ind1=" " ind2=" " tag="310"><subfield code="a">Daily</subfield></datafield><datafield ind1="1" ind2=" " tag="362"><subfield code="a">Began with Apr. 1, 1929.</subfield></datafield><datafield ind1="0" ind2=" " tag="362"><subfield code="a">-v. 9, no. 301 (Mar. 18, 1938).</subfield></datafield><datafield ind1=" " ind2=" " tag="530"><subfield code="a">Also on microfilm: El Paso, Tex. : Southwest Micropublishing, Inc.</subfield></datafield><datafield ind1=" " ind2=" " tag="588"><subfield code="a">Description based on: Vol. 1, no. 1 [i.e. 2] (Apr. 2, 1929).</subfield></datafield><datafield ind1=" " ind2="0" tag="651"><subfield code="a">Clovis (N.M.)</subfield><subfield code="v">Newspapers.</subfield></datafield><datafield ind1=" " ind2="0" tag="651"><subfield code="a">Curry County (N.M.)</subfield><subfield code="v">Newspapers.</subfield></datafield><datafield ind1=" " ind2="7" tag="655"><subfield code="a">Newspapers.</subfield><subfield code="2">fast</subfield><subfield code="0">(OCoLC)fst01423814</subfield></datafield><datafield ind1=" " ind2="7" tag="651"><subfield code="a">New Mexico</subfield><subfield code="z">Clovis.</subfield><subfield code="2">fast</subfield><subfield code="0">(OCoLC)fst01222718</subfield></datafield><datafield ind1=" " ind2="7" tag="651"><subfield code="a">New Mexico</subfield><subfield code="z">Curry County.</subfield><subfield code="2">fast</subfield><subfield code="0">(OCoLC)fst01215724</subfield></datafield><datafield ind1=" " ind2=" " tag="752"><subfield code="a">United States</subfield><subfield code="b">New Mexico</subfield><subfield code="c">Curry</subfield><subfield code="d">Clovis.</subfield></datafield><datafield ind1="0" ind2="4" tag="780"><subfield code="t">Clovis journal</subfield><subfield code="w">(DLC)sn 93061775</subfield></datafield><datafield ind1="0" ind2="4" tag="780"><subfield code="t">Clovis news</subfield><subfield code="x">2330-3719</subfield><subfield code="w">(DLC)sn 93061777</subfield><subfield code="w">(OCoLC)28959139</subfield></datafield><datafield ind1="0" ind2="0" tag="785"><subfield code="t">Clovis news-journal</subfield><subfield code="w">(DLC)sn 84020648</subfield></datafield></record>